2750 4509
574 258 717 362 [51¹1
764 261 782 364 i

164 461 282 536 etiam
307 448 465 531 confiiia
489 462 621 524 toturn
652 445 881 523 studiorum¹
901 447 1053 525 cursum
1077 443 1187 528 due-'-

160 563 243 635 xit:
274 559 356 630 imo
378 573 475 627 vero
500 549 716 648 Weigelius
740 549 877 624 nostro*
897 551 1042 650 primus
1064 568 1189 627 autor

161 659 262 746 fuit,
296 659 340 730 in
372 653 480 726 illam
502 649 765 749 Philosophiae
789 662 954 750 partem,
996 673 1082 750 quae
1107 654 1181 726 hu-

160 782 283 834 mana
309 752 440 830 officia
464 747 481 822 f
507 755 622 837 edat,
650 771 814 849 quaeque
837 773 860 824 a
880 754 1020 826 renatis
1045 752 1181 825 litteris

159 860 335 932 maxime
361 851 470 964 neglc
545 847 714 948 jacebat,
740 850 1182 951 operamdcindustriam
1261 933 1265 938 ,

162 953 402 1034 collocandi.
427 974 430 978 ·

268 1053 473 1131 Summum
507 1066 607 1126 certe
649 1076 696 1128 ex
729 1054 827 1127 tanti
853 1053 931 1128 viri
964 1051 998 1128 a
1031 1051 1190 1128 institua

161 1153 328 1232 tione&
346 1153 515 1226 amicitia
541 1154 646 1226 hunc
672 1154 764 1229 tulit
788 1153 975 1243 feudum,
1001 1168 1063 1238 ut,
1090 1167 1194 1228 cunt'

165 1254 393 1330 Geometria
409 1255 582 1328 animum
597 1277 620 1326 a
634 1251 797 1328 senfibus
815 1253 865 1330 ad
882 1279 935 1338 ea,
962 1275 1049 1352 quae
1073 1277 1190 1328 men-¹

162 1372 204 1430 te
243 1371 494 1439 contuemur,
545 1351 794 1449 intelligenda
831 1353 1007 1427 traducat
1051 1366 1194 1428 acuat-1

163 1476 262 1555 quet
287 1453 554 1527 mathematica
580 1451 781 1550 disciplina
806 1453 1003 1526 subudum
1025 1450 1192 1552 juvenis.

163 1555 368 1654 ingenium
397 1553 524 1628 veluti
555 1550 732 1625 habitum
764 1553 958 1651 quendam
984 1554 1207 1649 indueret„
1249 1561 1260 1588 ‘
1359 1607 1362 1614 .

161 1657 217 1731 ad
260 1675 400 1728 verum
426 1653 605 1752 ⁴penitius
633 1645 890 1730 ¹scrutandum
935 1653 1181 1753 dilucideque

162 1752 448 1856 explicandum.
755 1821 758 1828 ,
969 1755 975 1775 “

265 1851 420 1930 Scilicet
454 1853 692 2026 peometrico
725 1854 1020 1954 argumentandi
1052 1855 1182 1953 rigore

163 1957 441 2041 exercitatus,
469 1956 566 2029 acile
601 1953 762 2053 deponit
785 1969 1068 2056 praeconceptae
1094 1956 1180 2051 opi·

163 2059 321 2143 mones,
347 2056 626 2153 contemtisque
648 2056 940 2142 autoritatibus,
967 2055 1025 2128 ad'
1040 2075 1181 2129 verum

164 2156 246 2254 ipse
277 2153 540 2252 indagandum
565 2161 588 2228 a
613 2153 801 2251 greditur:
824 2149 1015 2230 *adsuetus
1045 2155 1181 2246 Eucli.
1280 2157 1288 2168 “

164 2258 248 2333 deae
278 2254 483 2330 subtilitati
515 2257 580 2353 ph'
600 2245 773 2354 osophus‘
801 2257 857 2329 nil
882 2257 999 2329 sumit
1014 2269 1194 2354 temere,

164 2353 230 2432 sed
247 2379 270 2430 a
286 2369 393 2430 certo
418 2358 579 2452 cognitis
597 2353 856 2454 &perspicuis
880 2359 949 2430 via
970 2353 1011 2430 80<
1028 2355 1180 2430 ratione

166 2455 417 2559 progreditur
439 2455 488 2528 ad
506 2480 567 2544 ea,
593 2477 680 2554 quae
705 2455 794 2536 inde
819 2456 1022 2534 necessaria
1047 2455 1194 2532 conse«.

167 2557 328 2632 cutione
349 2552 577 2632 efficiantur.
619 2559 684 2630 En
710 2558 947 2657 praestantem
969 2555 1087 2638 issam'
1104 2554 1190 2634 dis·‘

165 2653 315 2734 serendi
345 2652 591 2744 methodum,
622 2681 710 2754 qua·
730 2655 1004 2734 Pufendouius
1036 2667 1097 2730 tot
1129 2655 1190 2736 soz

167 2757 260 2832 culi
273 2755 333 2828 sut
356 2753 609 2855 philosophos
627 2759 911 2856 'scriptoresque
933 2753 1128 2831 'excelluit
1187 2772 1191 2780 '

202 2872 204 2875 ·
233 2943 241 2954 ἱ
267 2853 360 2926 Inde
385 2856 453 2940 est,
478 2854 605 2952 quod,
631 2855 1180 2934 &veterumdcrecentiorum

167 2951 377 3032 autoritate
395 2953 628 3049 posthabita,
654 2974 761 3031 nova
770 2952 867 3052 juris
883 2955 1071 3062 principia
1083 2979 1182 3050 con.

167 3054 321 3135 stituere
347 3070 430 3123 non
456 3051 654 3126 dubitarit.
675 3127 678 3134 ,
726 3068 753 3108 ³-
889 3053 892 3058 ’

266 3149 361 3225 Inde
397 3151 464 3238 ess,
500 3151 608 3247 quod
647 3153 823 3230 omnium
856 3159 1001 3258 primus
1033 3157 1187 3238 tentare

168 3251 280 3331 ausus
311 3253 374 3339 fit,
405 3250 629 3330 immensam
659 3250 969 3356 jurisprudentiae
994 3263 1177 3336 naturalis

168 3353 389 3448 congeriem
423 3368 531 3428 certo
557 3352 739 3455 quodam·
760 3357 895 3432 ordine
933 3357 1177 3457 distinguere,

168 3453 455 3550 veritatumque
488 3453 672 3528 inferte:
686 3465 1026 3534 concatenatarum
1061 3459 1175 3554 syste-¹

167 3574 251 3638 ma,
275 3550 383 3648 quod
408 3553 569 3656 dicitur,
596 3555 771 3634 condere.
1182 3560 1185 3568 “

265 3649 368 3737 Inde,
391 3654 511 3752 quod,
537 3647 573 3726 dc
594 3656 908 3755 philosophus&
933 3660 1177 3737 historiarum

167 3746 519 3864 scriptor,=-ubique
534 3752 582 3828 de
604 3753 774 3866 obscuris
799 3757 986 3862 dilucide,
1012 3761 1057 3836 de
1083 3785 1179 3835 con,

1091 3857 1177 3944 fuit
