2750 4509
613 210 823 313 [230]

213 396 524 475 truculentarum
548 418 679 467 rerum
707 394 959 477 concutiant,
987 389 1145 488 jamin
1175 393 1271 467 ad-

211 498 459 575 mirationem
484 496 688 594 grandium
715 499 885 594 rapiant:
924 492 1094 590 frigescit
1122 496 1269 595 plane

212 598 357 682 oratic,
384 599 500 673 nullis
527 598 764 669 inflammata
789 594 997 669 affetiibus.

293 696 583 771 Celebratisfimi
598 699 778 775 omnium
790 698 916 793 Regis,
931 694 1097 771 Gullavi
1107 692 1262 767 Adol-
1321 727 1323 742 1

209 798 294 899 phi,
332 798 459 873 media
497 801 539 873 in
578 799 748 871 victoria
785 812 972 883 mortem,
1008 795 1258 871 ruauosum

209 896 310 975 illud
346 898 605 997 Magdeburgi
648 897 870 984 excidium,
914 898 1155 994 singularem
1197 920 1254 970 ac

209 1022 331 1102 prope
357 1004 512 1075 unicam
537 1003 579 1074 in
605 1001 714 1072 omni
742 1017 965 1097 temporum
999 997 1252 1092 antiquitate
1324 995 1325 1015 ¹

210 1098 411 1175 Chrillinae
424 1100 586 1177 Throni
599 1099 901 1188 abdicationem,
922 1098 1056 1173 Caroli
1073 1100 1113 1174 X
1130 1121 1250 1173 cara.

127 1248 131 1253 -
209 1203 347 1275 aerem
372 1226 464 1279 vere
486 1203 690 1277 heroicum
711 1246 761 1258 --
788 1223 876 1297 quae
902 1200 1036 1274 omnia
1061 1200 1132 1273 vel
1160 1213 1248 1271 tar-

208 1300 381 1390 disfimn,
414 1321 459 1377 ut
484 1302 652 1387 videtur,
678 1304 857 1398 ingenie,
881 1300 1083 1401 poeticum
1110 1323 1245 1395 quen-

208 1400 299 1483 dam
325 1401 498 1479 furorem
524 1400 710 1499 inspirare
732 1402 911 1497 possent,
936 1444 987 1457 -
1023 1400 1153 1475 noster
1179 1401 1242 1473 ita

208 1505 431 1598 tranquillo.
449 1518 666 1603 pacataque
692 1506 826 1582 animo
853 1500 1050 1585 describit,
1082 1515 1129 1571 ut
1163 1500 1243 1576 vix
1325 1568 1326 1591 ,

208 1602 295 1777 duo
330 1606 592 1679 maximarum
621 1625 755 1679 rerum
784 1601 895 1679 sensu
934 1617 1137 1699 correptus
1173 1602 1237 1675 vi⁴
1325 1604 1326 1687 l

237 1719 355 1779 eatur.
610 1770 615 1781 ,
720 1745 727 1777 0.
764 1738 771 1747 -

307 1806 400 1881 Plus
438 1804 526 1881 sane
567 1803 681 1879 habet
713 1800 903 1879 acuminis
928 1798 1234 1899 injudicando,
1324 1748 1327 1831 ι

208 1929 324 2001 quarn
344 1909 488 2001 ingenii
505 1909 546 1979 in
567 1905 834 1985 descrihendot
860 1907 1103 2003 peritiorque
1123 1904 1233 1978 vide·
1325 2001 1326 2004 Ἴ

207 2019 287 2091 tur,
315 2007 579 2105 Philosophiae
592 2022 897 2104 praeceptorum,
923 2030 1044 2101 quam
1064 2007 1107 2079 iu
1121 2004 1231 2079 ador·

205 2107 342 2181 nandis
377 2111 565 2182 orationis
598 2109 812 2183 luminibus
848 2106 1008 2191 artifex,
1054 2106 1231 2205 gestaque
1324 2150 1326 2171 .

206 2232 289 2286 nou
315 2208 472 2305 perinde
498 2210 709 2281 concinnat
736 2233 781 2281 ac
808 2207 1029 2282 conscribit.

308 2311 386 2382 Nec
426 2305 554 2381 tamen
593 2308 660 2381 sna
699 2305 823 2385 laude,
848 2306 1139 2382 defraudandus
1166 2307 1225 2381 cll.

206 2406 319 2481 Certe
345 2408 448 2481 enirn
473 2407 764 2496 Puiendorfius‚
796 2410 839 2482 in
866 2408 1117 2481 historiarum
1144 2406 1227 2481 scri·

205 2524 365 2608 prorum
381 2523 504 2587 coetu,
524 2532 607 2581 non
622 2532 721 2583 unus
734 2513 913 2587 emulus,
938 2506 1003 2581 sed
1015 2509 1228 2583 intermul-

206 2625 266 2681 tos
281 2631 402 2707 prope
415 2610 611 2705 singularis
628 2608 824 2685 habendus
838 2610 925 2683 erit:
946 2609 1002 2681 ita
1015 2632 1109 2683 eum
1122 2632 1228 2683 com-

205 2708 389 2785 mendant
414 2710 602 2783 sincerum
628 2712 801 2783 veritatis
826 2707 1015 2797 studium,
1055 2713 1160 2783 reda
1183 2707 1227 2781 de

204 2808 317 2885 rebus
343 2812 627 2905 hominumque
651 2810 827 2883 moribus
849 2806 1017 2908 judicia,
1043 2810 1086 2881 in
1109 2833 1227 2907 expo·

119 2990 122 2997 .
205 2908 338 2987 nendis
358 2910 478 2997 ordo,
505 2910 623 3002 ilylus
649 2909 846 2996 eonciluS,
871 2911 1114 3009 perspicuus:
1141 2912 1228 2983 licet

87 3077 90 3092 ,
204 3011 336 3084 eadem
373 3011 566 3107 scripturo
591 3014 794 3083 materiam
819 3034 902 3085 non
930 3025 1012 3085 tam
1028 3013 1224 3113 -praeripu-

205 3111 272 3192 isse
298 3133 415 3209 quam
440 3112 667 3212 praeparasse
694 3110 772 3185 dici
796 3112 913 3216 posfit
938 3110 990 3209 l).

1323 864 1325 899 l

1131 3210 1222 3285 Non

245 3407 279 3487 t)
300 3409 372 3475 Nec
388 3434 466 3481 vero
482 3417 588 3499 plura,
610 3431 707 3494 quam
722 3432 790 3489 qua
811 3409 863 3475 hic
884 3411 915 3476 ei
942 3409 1131 3486 tribuimus,
1151 3432 1224 3492 prae·

285 3494 361 3561 flare
384 3498 449 3579 ipse
470 3492 607 3560 noluisse
630 3495 769 3557 videtur.

338 3580 519 3648 „Caeterum
540 3579 654 3655 hocin
677 3595 790 3653 opere,
815 3578 902 3657 quod
922 3576 1120 3657 praecipuum
1138 3577 1223 3637 hillo.

286 3660 372 3735 „rici
401 3664 542 3729 officium
573 3663 630 3732 cll,
657 3658 756 3719 fidem
782 3661 905 3721 lumma
932 3660 1092 3741 religione
1115 3658 1220 3741 prelii.

285 3742 427 3818 „timust
457 3746 583 3807 confilia
610 3742 794 3810 authenticis
818 3763 858 3805 ex
886 3742 960 3803 adlit
981 3744 1220 3821 depromimus,
1327 3792 1328 3809 ἶ

283 3826 331 3907 „a
348 3829 439 3892 nobis
462 3828 580 3895 nullibi
612 3825 815 3908 interpolata,
845 3846 904 3891 nec
925 3817 1058 3890 ulterius
1080 3828 1150 3893 fere
1168 3835 1223 3889 tra·
