2750 4509
635 210 848 315 tw]

221 394 301 485 sus,
326 398 369 471 in
392 394 518 470 lucem
541 390 950 494 ediderit31icetipse,
975 406 1022 468 nt
1045 388 1129 492 ejus
1160 420 1286 475 ver.

220 498 280 573 bis
320 512 406 570 utar
442 498 513 595 d),
551 490 665 592 hujus
705 494 884 594 opusculi
918 497 1281 577 immaturitatem

220 598 428 693 maturiori
464 599 600 695 aliquo
638 594 803 694 scripto,
839 594 906 687 (sc.
931 592 1035 673 libro
1061 594 1111 671 de
1146 600 1275 693 Jure

219 694 1272 891 iffi?ei‘i‘iiffeioeiiihiiffipiffiiimss

220 897 341 984 ditate
365 896 538 978 futuram
561 895 719 970 messem
742 892 854 971 facile
878 916 1126 994 augurarere.

172 1034 177 1048 ·
320 1000 502 1095 Fatigant
526 998 717 1095 legentem
739 999 954 1079 axiomata,
977 996 1260 1089 theoremata,

218 1100 459 1184 Corollaria,
485 1099 687 1193 omnisque
713 1096 1039 1194 illageometrica
1062 1097 1260 1185 ariditas,

218 1224 338 1300 quarn
362 1197 397 1273 8⁶
420 1197 497 1297 ipse
523 1196 660 1293 deinde
685 1200 729 1271 in
754 1193 951 1272 tractanda
981 1196 1253 1299 Philosophia

216 1299 324 1379 haud
345 1294 609 1397 imprudenter
634 1295 808 1375 deseruit.
832 1294 984 1372 Verum
1007 1298 1116 1395 enim
1142 1322 1247 1371 vero

218 1402 301 1499 ipia
332 1403 404 1473 hac
434 1400 500 1487 via
531 1394 581 1469 ad
614 1418 754 1475 verum
777 1393 1059 1476 inveniendum
1080 1394 1252 1477 fimare

217 1501 290 1578 fibi
314 1494 482 1597 gressum
504 1494 721 1571 videbatur.

242 1685 249 1695 ,
319 1596 554 1696 Conscripfit
578 1594 771 1679 libellum,
803 1592 873 1671 diu
899 1590 983 1693 jam
1005 1596 1249 1675 meditatum

215 1703 263 1777 in
291 1694 481 1781 custodia,
519 1718 613 1792 qua,
652 1692 935 1772 recrudescente
965 1698 1067 1771 inter
1095 1694 1247 1773 Daune

217 1801 255 1881 a
286 1796 427 1875 Succos
461 1794 585 1883 bellu,
618 1818 698 1867 una
729 1817 821 1869 cum
845 1797 956 1869 omni
979 1796 1119 1893 Legati
1146 1794 1245 1872 Sue-

219 1902 295 1979 cici
320 1898 508 1971 comitatu
528 1894 709 1995 (praeerat
719 1894 859 1993 Legati
874 1892 947 1969 filii
965 1896 1122 1995 studiis)
1142 1897 1243 1973 deti.

219 1999 405 2079 uebatur:
429 1997 664 2095 biennioque
688 1994 791 2097 post,
819 2016 911 2069 cum
934 1996 1083 2095 Hagam
1101 1996 1242 2072 Comi.

218 2096 308 2173 t'um
325 2112 567 2185 excurreret,
607 2097 813 2188 (nimirum
837 2096 885 2175 in
904 2094 984 2193 ipsa
1010 2094 1149 2171 Grotii
1174 2122 1241 2197 pa·

219 2202 296 2273 tria
328 2199 427 2273 tanti
458 2198 628 2276 nominis
663 2196 851 2269 memoria
875 2194 1057 2269 incitatus
1082 2199 1236 2271 inflam.

218 2296 463 2473 prauusque),
486 2292 685 2395 Lugduni'
698 2297 942 2373 Batavorum
962 2296 1117 2403 publici
1135 2295 1230 2402 juris

238 2414 322 2481 ecit,

239 2565 243 2573 .
320 2494 516 2569 Conciliat
541 2493 772 2597 opusculum
797 2492 977 2595 scriptori
992 2492 1136 2594 juveni
1147 2522 1233 2597 gra.

217 2598 315 2673 tiam
326 2596 517 2695 Principis
532 2596 723 2681 Palatini,
747 2593 883 2672 Caroli
903 2596 1124 2684 Ludovici‚
1147 2623 1232 2677 ern.

218 2696 395 2793 diturum
419 2696 479 2775 sui
504 2692 620 2775 seculi
643 2694 865 2775 Maecenatis
897 2696 1170 2781 liberatisfimi,
1199 2698 1230 2779 ἃ

218 2798 470 2875 aessumatoris
495 2793 599 2870 haud
619 2793 783 2876 indocti,
808 2792 917 2891 cujus
939 2801 1054 2875 etiam
1080 2800 1227 2877 nomini

218 2898 447 3003 inscriptum
479 2912 578 2971 erat:
612 2920 682 2976 nec
715 2893 826 2970 facile
849 2896 1009 2983 dixeris,
1039 2895 1228 2993 majorine

221 2999 357 3097 gloriae
382 2994 498 3069 fuerit
530 2994 804 3079 Pufendorfio,
841 2998 1009 3096 principi
1032 2997 1224 3095 placuisse.

218 3114 271 3175 an'
284 3097 470 3197 principi,
492 3099 639 3171 autoris
648 3094 803 3191 juvenis
815 3101 979 3171 virtutes
994 3096 1225 3173 intellexisse.

319 3198 452 3295 Neque
476 3210 603 3271 tamen
626 3197 758 3282 sterili,
784 3212 829 3277 ut
853 3195 932 3285 fere
954 3196 1018 3287 fit,
1048 3197 1222 3295 principit

220 3299 343 3395 gratia
368 3298 420 3377 est
442 3294 593 3377 suntne

320 3399 432 3471 luco
458 3394 620 3471 innituit
633 3396 795 3473 metior
809 3397 1043 3497 nonnoni
1056 3399 1154 3495 μὴ
1172 3421 1223 3467 η,

220 3511 305 3573 tura
327 3522 364 3567 ac
384 3500 547 3595 gentium,
573 3520 722 3571 novam
745 3512 839 3577 tunc
855 3495 890 3577 8c
907 3500 1129 3577 inusitatam
1150 3521 1218 3570 nnn

219 3598 265 3681 iu
288 3595 496 3679 Germania
520 3594 664 3683 solum,
700 3594 833 3679 sedin
856 3597 1036 3676 omnibus
1059 3598 1216 3779 EAurcppe

1188 3719 1223 3776 C·

237 3807 242 3815 ’
264 3812 300 3901 d)
322 3810 449 3881 confer·
470 3808 657 3919 Preiztjd
675 3812 733 3903 Jut
754 3820 815 3887 nat·
837 3811 1067 3912 &Gentium-⁵
