2750 4509
596 328 806 430 [228]

297 516 362 591 Ere
377 513 650 612 ‘totsst'antisque
662 514 902 589 Academicis
926 514 1110 614 procellis
1136 530 1260 593 tan-

197 614 288 689 dem
319 616 527 690 incolumis
571 615 703 689 evadit
745 618 787 687 in
823 613 992 701 Aulam,
1038 641 1132 714 quac
1185 620 1257 694 est

198 716 378 802 Hohniae,
404 740 486 814 quo
513 738 613 797 eum,
639 714 840 789 Loccenio
867 712 1075 802 defuneto,
1104 720 1253 818 Regis
1318 794 1319 799 ,

198 822 316 899 favor
352 830 518 903 evocat,
563 816 905 915 gravisfimumque
948 814 1251 917 Hssoriograph‘i

197 929 283 1026 regii
320 942 462 996 munus
482 918 535 991 -ei
573 914 707 989 offert:
744 938 826 1011 quo
864 914 1022 1011 quidem
1056 913 1248 994 munere

198 1023 335 1101 deinde
361 1018 590 1096 &Berolini
614 1014 685 1091 sub
710 1017 890 1091 Eledore
911 1016 1143 1095 Friederico
1170 1022 1244 1094 111

78 1134 83 1143 '
140 1114 148 1133 ⁶
198 1128 247 1203 ab
280 1145 385 1199 anno
422 1124 533 1205 1668.
567 1141 687 1215 usque
719 1115 816 1189 dum
831 1119 833 1124 '
846 1118 1131 1194 mortalitatem
1157 1146 1243 1196 ex.

196 1230 335 1328 pleret,
358 1219 512 1296 firnetus
537 1218 598 1292 est.

299 1342 497 1418 Nimirum
527 1334 737 1412 videbatur
766 1332 914 1433 aliquid
951 1332 1056 1411 istius
1097 1339 1235 1413 aetatis

197 1441 455 1547 principibus,
483 1438 713 1511 memoriam
737 1438 804 1510 vel
828 1438 906 1525 sui,
937 1437 1002 1511 vel
1029 1461 1232 1526 avorum,

198 1546 300 1620 novi
332 1536 532 1637 cujusdam
567 1535 818 1631 Thucydidis
841 1552 911 1612 aut
935 1537 1047 1612 Livii
1071 1563 1143 1614 ore
1173 1539 1230 1615 ad

119 1642 124 1657 ’
198 1645 371 1746 posteros
393 1638 601 1741 propagari
626 1640 853 1737 aeternisque
882 1638 1102 1716 litterarum
1131 1666 1228 1717 mo-
1326 1668 1328 1673 ·

197 1744 390 1821 numentis
417 1738 642 1814 consecrari.

298 1856 418 1965 Quod
443 1856 470 1932 li
500 1854 647 1955 ingenii
673 1880 859 1945 acumen,
886 1851 1029 1955 judicii
1064 1856 1225 1934 linceri·

197 1980 274 2051 tas,
300 1958 469 2036 eruditio
485 1956 592 2031 haud
613 1958 806 2055 vulgaris,
828 1958 1063 2055 exquifitum
1086 1981 1221 2033 rerum

199 2084 434 2159 morumque
469 2054 660 2144 studium,
700 2078 862 2156 magnus
897 2080 944 2131 ac
980 2057 1222 2134 multifarius

198 2166 319 2240 latine
338 2158 526 2234 scribendi
541 2157 649 2243 usus,
674 2156 741 2231 vel
764 2157 938 2258 inprimis
963 2161 1223 2255 requiruntur
1326 2170 1328 2228 l

201 2246 251 2340 'ad
275 2260 537 2336 sustinendum
564 2258 747 2353 Historici
773 2281 892 2340 onus:
916 2260 1045 2356 ecquis
1072 2275 1132 2333 eat
1153 2263 1217 2334 in-

200 2363 322 2449 ficias,
347 2356 644 2433 Pufendorfium
671 2359 771 2434 tanti
793 2360 962 2435 muneris
983 2375 1110 2459 partes
1132 2384 1226 2457 non!

201 2442 359 2561 indigne
385 2454 659 2557 expleturum?
961 2481 966 2489 ·

299 2580 376 2655 Res
412 2577 521 2676 geflae
562 2575 729 2651 Guflavi
765 2572 960 2677 Adolphi,
997 2578 1214 2667 ebrium,

202 2682 336 2758 Caroli
356 2680 410 2767 X,
426 2675 635 2754 Friederici
647 2675 869 2765 Guilielmi‚
892 2680 1085 2754 Eledoris
1095 2682 1216 2753 Bran.

201 2778 428 2879 denburgici
459 2818 509 2837 -·
539 2775 699 2879 quot&
725 2776 1062 2873 quamdfortiter
1098 2776 1216 2853 frua!

201 2896 380 2980 quaenarn
394 2874 552 2955 uberior
564 2877 754 2954 scribendi
778 2873 903 2977 seges‘.²
939 2883 1023 2977 quis
1049 2882 1216 2979 amplior

90 3003 95 3013 ·
202 2981 434 3081 eloquentiae
459 2975 644 3081 campus?
682 2978 762 3082 Qui
788 2978 937 3055 hero'e's!
974 2978 1213 3058 illustrisfimi

200 3094 321 3170 certe,
359 3098 457 3176 quos
494 3079 602 3155 ferax
638 3078 707 3155 illa
744 3080 910 3155 heroum
942 3095 1031 3155 aetas
1057 3082 1213 3168 tulerat,

129 3248 133 3257 .
199 3194 292 3281 toga
317 3180 483 3279 sagoque
510 3182 660 3253 incluti.

299 3300 446 3373 Proelia
482 3294 644 3373 feliciter
677 3312 875 3397 pugnata,
918 3313 1040 3397 captae
1080 3296 1213 3384 urbm,

199 3400 367 3473 hostium
411 3394 564 3497 strages,
610 3400 751 3496 populi
793 3421 900 3474 nunc
933 3399 1211 3497 tranquillitate

198 3497 343 3597 pacati,
375 3517 480 3573 nunc
505 3494 610 3573 bello
637 3496 822 3596 oppresfi‚
848 3522 953 3574 nunc
978 3495 1049 3572 sub
1070 3494 1212 3595 jugum

199 3598 309 3681 misfi,
330 3622 445 3695 regna
460 3594 544 3695 jam
557 3596 752 3683 concusla,
767 3594 850 3693 jam
870 3596 1083 3673 servata-
1097 3598 1209 3694 digna

198 3697 287 3769 sane
301 3721 417 3793 quarn
430 3698 602 3772 materies
618 3699 681 3771 vel
696 3694 946 3789 Thucydidis
971 3698 1122 3773 ardenti
1141 3719 1210 3770 ve-

197 3798 407 3881 hementia,
433 3799 499 3873 vel
523 3795 728 3899 magnifica
751 3796 859 3875 Livii
883 3801 1117 3899 eloquentia

1069 3932 1213 4011 Patent
