2750 4509
541 217 758 319 [229]

244 402 382 479 Patent
410 397 590 476 scribenti
620 400 759 477 scrinia
783 422 829 479 ac
863 398 1059 481 tabellaria
1083 416 1159 507 pus

50 540 52 549 r
127 502 259 581 blica:
283 504 329 602 i)
367 504 457 577 licet
494 501 678 601 aspicere,
717 504 807 578 licet
839 503 990 602 alloqui
1014 512 1159 595 multos

128 626 302 689 eorum,
335 605 405 702 qui
437 624 512 691 res,
546 602 647 697 stylo
668 603 929 703 exsequendas
954 604 1160 703 gesserant:

49 782 53 788 .
126 706 253 878 piget
276 702 413 877 lpdhuc
444 702 505 876 inf
521 704 729 877 homfinurn
755 719 978 881 93&thOE
1003 705 1162 897 {guribus

49 848 52 858 ·
155 827 250 879 ama
304 826 457 888 eroum,
500 828 585 879 arna
628 820 765 879 ortrter
895 829 984 881 rum
1005 833 1049 880 r.

49 983 53 993 ,
246 905 400 980 Verum
425 904 529 979 enim
554 926 651 979 vero
677 928 794 982 nemo
812 902 896 981 non
917 906 1084 981 historiae
1101 930 1163 980 ar·

128 1006 193 1081 tis
220 1003 458 1099 intelligens,
490 1002 600 1080 facile
634 1005 839 1096 concedet,
884 1002 1162 1103 Pufendorfio,

49 1170 52 1191 2
132 1117 209 1179 tot
236 1113 435 1200 tantasque
462 1126 520 1179 res
546 1108 788 1205 exponenti,
823 1130 897 1182 nec
932 1106 1164 1204 fingularem

114 1196 197 1278 'in¹
214 1200 492 1303 perscrutando
515 1204 777 1304 diligentiam,
803 1230 874 1283 nec
900 1204 1015 1282 fidem
1039 1206 1081 1278 in
1107 1205 1164 1278 di-

134 1304 271 1380 cendo
297 1326 413 1392 vero,
453 1328 525 1381 nec
546 1309 589 1380 in
614 1303 870 1404 dijudicando
908 1329 1071 1382 acumen
1097 1306 1165 1379 de-

133 1403 267 1479 fuisse.
349 1406 466 1494 Rem,
493 1404 539 1479 de
556 1491 558 1497 .
573 1429 651 1505 qua
675 1406 923 1483 scribendum
958 1406 1028 1491 etl,
1053 1406 1165 1481 videt

135 1518 276 1592 acute,
296 1507 469 1605 explicat
494 1500 681 1595 dilucide,
703 1507 906 1583 sententias
931 1504 1087 1581 adhibet
1113 1507 1164 1579 il-

135 1606 300 1694 lustres,
342 1627 428 1705 quae
472 1630 556 1683 non
596 1622 676 1683 tam
713 1607 859 1684 habent
893 1622 1162 1694 venustatem,

135 1730 265 1805 quam
290 1708 519 1805 gravitatem
546 1706 578 1782 80
603 1707 770 1809 pondus.
830 1708 978 1787 Videre
1001 1708 1091 1783 licet
1117 1730 1165 1780 ua

137 1806 264 1905 bique
288 1806 585 1908 philosophum,
611 1801 861 1907 styloma'gis
891 1810 1015 1893 clarc,
1045 1831 1166 1905 quam

137 1907 300 1991 vivido,
326 1910 491 2005 proprio
516 1909 647 2005 magis,
672 1932 792 2007 quam
818 1909 999 2008 eleganti,
1015 1930 1074 1981 res
1099 1930 1165 2005 ge·

142 2008 216 2082 stas
243 2008 516 2104 explicantemr
555 2012 627 2081 vix
658 2032 848 2105 umquam
878 2007 1075 2101 exsurgit,
1104 2027 1168 2078 rea‘
1292 2024 1295 2029 ·

144 2128 290 2179 rumve
323 2104 634 2202 magnitudinem
658 2108 788 2182 verbis
821 2105 1015 2203 adaequat:
1048 2105 1167 2202 quin.

145 2208 231 2281 itno
272 2205 379 2279 haud
423 2230 515 2283 raro
562 2204 665 2282 infra
707 2230 838 2283 rerum
876 2202 1165 2284 scribendarum

144 2302 379 2403 majestatem
402 2306 593 2385 subsistere
617 2306 846 2382 scribentem
877 2306 991 2381 dicas.

251 2407 349 2508 Quae
362 2410 428 2484 vel
448 2406 597 2483 summa
621 2408 868 2485 historiarum
890 2407 1085 2504 scriptoris
1103 2431 1164 2482 ars

149 2504 202 2582 est
233 2507 399 2581 humilia
427 2506 636 2596 subtiliter,
673 2511 804 2609 ampla
826 2507 1059 2594 sublimiter,
1084 2532 1164 2580 me.

147 2604 307 2681 dioeria.
330 2620 536 2709 temperate
561 2607 715 2693 dicere,
728 2611 772 2684 in
790 2610 929 2685 'nostro
958 2628 1071 2708 parce
1096 2606 1165 2679 ad..

149 2704 312 2781 modum
338 2708 569 2808 sparsimque
588 2707 822 2784 'admiranda
853 2710 925 2784 tibi
951 2721 1138 2781 occurret.

249 2808 410 2892 Narrat,
435 2816 519 2885 n'on
557 2808 699 2908 pingit,
736 2808 869 2883 audita
893 2806 1042 2889 scribit,
1079 2831 1163 2881 non

152 2906 254 2994 visa,
287 2921 421 2981 autor:
460 2910 611 3007 legunt,
654 2910 737 2983 non
763 2909 948 2992 sedant,
973 2905 1163 2981 Lectores.

152 3008 261 3083 Fluit
287 3008 434 3093 oratio,
478 3006 660 3105 aequabili
694 2934 862 3105 quadam
900 3003 1165 3081 mediocritate

153 3131 234 3181 non
260 3106 561 3188 contemnenda3
593 3104 658 3181 sed
691 3110 811 3184 nullis
834 3109 1050 3207 interrupta
1071 3109 1165 3180 acri,
1218 3169 1219 3174 ,

153 3208 221 3281 bus
260 3202 580 3305 vibrantibusque
617 3206 830 3291 sententiis,
886 3228 973 3305 quae
1010 3208 1165 3280 aculeos

154 3310 370 3403 relinquant
396 3307 437 3379 in
464 3309 674 3404 legentium
699 3310 852 3387 animis;
878 3302 1076 3380 sednullis
1097 3330 1164 3398 co.
1283 3312 1285 3315 ⁴

154 3407 276 3480 lorata
301 3408 476 3513 piduris,
516 3429 603 3517 quae
634 3406 866 3519 spestantem
894 3402 977 3514 jam
1001 3406 1163 3480 horrore

1028 3521 1165 3580 trucu-

191 3652 228 3731 l)
260 3614 388 3717 Scilicet
426 3673 466 3719 ex
503 3657 642 3743 Regeslir
686 3654 824 3739 publicis
854 3654 961 3718 omnia
999 3655 1166 3737 depromsit

230 3735 462 3800 Pusendorfius.
600 3736 605 3746 “
1123 3775 1130 3791 ,

188 3819 214 3901 i)
237 3817 403 3885 Nimirum
417 3840 523 3886 recent
546 3820 624 3889 saeta
639 3820 843 3887 Pusendorsio
856 3828 943 3884 erant
954 3818 1167 3885 describenda,
