2750 4509
533 218 675 311 [aas
721 204 747 305 .]

120 442 161 479 ..·.
224 402 349 481 Nemo
385 416 486 475 certe
503 408 505 415 ’
521 392 700 471 omnium
731 392 836 465 istius
866 392 983 472 seculi
1011 390 1144 469 erudi.

113 530 258 588 torum
289 521 370 579 tam
387 502 610 595 «benignam
643 509 821 593 expertus
847 493 897 569 est
922 491 1143 587 fortunam,

101 632 204 688 ¹tam
245 607 407 681 obviam
445 599 582 675 habuit
613 596 844 696 principum
881 596 1067 693 gratiam,
1099 620 1145 677 ac

112 715 272 793 nostro:
288 705 591 800 obtigit':·nemo
616 700 780 794 illorum
812 696 1007 795 ampliora
1039 696 1148 793 inge.

112 818 183 890 nii
214 824 340 904 atque
380 794 575 875 industriae
613 800 773 901 praemia
813 798 865 871 est
901 795 1150 892 consecutus,

118 937 250 1012 quam
276 898 646 1003 quae¹Pufcndorfio
668 899 893 997 principum
916 896 1151 977 munificen-

117 1020 182 1089 tia
210 1007 363 1091 tribuit,
391 1005 453 1094 seu
481 1000 676 1099 stipendii,
703 999 769 1073 seu
787 997 978 1076 mercedis
1000 1010 1152 1097 magni.

120 1112 317 1192 tudinem,
345 1107 409 1179 seu
436 1107 637 1179 honorum
652 1124 699 1176 ac
713 1102 910 1201 dignitatis
936 1102 1179 1182 incremen„

122 1230 167 1289 ta
194 1212 341 1310 species
384 1246 386 1255 v
439 1240 456 1271 υ
711 1236 714 1242 ’
781 1218 811 1247 '⁵
928 1286 932 1291 ,
1146 1233 1150 1241 ’

131 1371 138 1382 ,
270 1330 361 1381 uam
398 1309 570 1408 primurn
601 1302 787 1379 Berolini
821 1306 957 1392 venit,
992 1308 1155 1385 Elector

124 1436 222 1489 eum
311 1408 579 1505 Historiograpdr'
605 1404 639 1479 dr
666 1405 854 1577 carptim?
876 1409 992 1480 Intimi
1014 1434 1154 1483 mune.
1241 1435 1247 1449 ·

125 1538 170 1591 re
199 1513 459 1593 donat,··mox
482 1506 714 1583 Succorum
763 1503 1005 1603 egis'fas'rore
1025 1502 1156 1585 in'Li-¹
1211 1579 1215 1585 .

127 1616 320 1693 berorum
328 1614 529 1685 Beronum
544 1608 721 1683 ordinem
731 1621 963 1705 cooptatur:
977 1608 1034 1685 bis
1048 1611 1156 1688 mille

127 1718 372 1791 thalerorum
399 1710 585 1809 stipendio
603 1711 653 1781 *in
680 1710 770 1782 aula
793 1712 1032 1789 Beroli'nenfi
1057 1710 1157 1787 fmi-

129 1831 218 1891 tur:
252 1812 410 1917 quin&
434 1811 601 1896 filiabus,
634 1832 728 1907 quas
762 1832 810 1883 ex
844 1810 968 1887 uxore
999 1806 1156 1899 habuit,

132 1920 441 2016 quingentorum
461 1913 702 1985 thalerorum
728 1910 958 2010 stipendium
983 1914 1068 2015 post
1092 1915 1157 2013 pa:

136 2021 207 2093 tris
234 2030 397 2091 mortem
423 2024 670 2086 numeratum
697 2011 758 2084 est.

135 2128 141 2135 ‘
238 2112 551 2187 Commentarios
584 2111 632 2187 de
664 2111 777 2185 rebus
812 2110 948 2186 Caroli
991 2110 1158 2185 Gustavi

139 2216 173 2295 8c
199 2212 410 2287 Friederici
436 2212 663 2299 Guilielmi,
691 2232 815 2309 24000
843 2210 962 2286 Thal.
985 2208 1159 2288 reditum

138 2312 552 2403 Pufendorfiotoliffe,
578 2328 696 2389 autor
709 2315 759 2389 est
772 2314 814 2388 in
828 2309 909 2413 ejus
921 2317 1005 2394 vita
1019 2312 1160 2389 Gund-

140 2416 295 2513 lingius.
827 2464 831 2470 -

241 2515 360 2588 Lucis
392 2516 511 2589 usura
550 2512 630 2589 frui
663 2517 822 2592 cessavit
852 2518 1030 2594 Berolini
1065 2523 1163 2615 1694

142 2636 248 2697 anno
274 2618 369 2689 vitae
393 2615 623 2714 sexagesimo
649 2616 831 2693 secunde.

200 2780 208 2799 ,
242 2716 337 2790 Fuit
363 2719 428 2793 vir
453 2724 505 2791 ca'
521 2720 599 2792 oris
625 2736 740 2817 atque
777 2720 913 2791 vultus
950 2718 1162 2806 honestate,

145 2833 191 2893 ut
213 2842 261 2891 ex
286 2818 370 2915 ipso
396 2818 575 2916 adspectu
607 2820 740 2915 imago
770 2818 949 2918 quaedam
980 2820 1164 2917 ingenitae

147 2919 302 2991 virtutis
323 2918 511 2991 emicaret.
536 2917 666 2991 Mores
691 2920 827 3002 severi,
850 2920 1064 3016 compofiti,
1090 2923 1165 2992 hu-

150 3016 342 3094 manitatis
369 3034 498 3087 tamen
517 3014 771 3089 condimento
788 3021 1004 3115 temperat-i,
1030 3036 1164 3106 uteos,

151 3115 381 3217 quibuscum
406 3128 504 3201 erat,
537 3118 724 3214 peculiari
749 3117 916 3213 quadam
937 3114 1164 3214 jucnndita-

152 3234 188 3293 te
211 3216 280 3291 fibi
317 3216 553 3290 conciliaret.
628 3219 805 3293 Frivolae
835 3217 1080 3292 eruditorum
1104 3219 1165 3291 sui

154 3318 268 3393 seculi
293 3317 476 3390 vanitatis
501 3318 615 3414 plane
641 3342 792 3415 expers,
818 3318 913 3391 odio
928 3317 1167 3393 habebatfu-
1211 3357 1215 3365 ·

156 3418 252 3502 tiles,
278 3414 416 3515 quibus
443 3418 502 3491 illi
528 3419 624 3492 mire
650 3418 687 3495 se
714 3418 1167 3518 circumspiciebant,‚ti-

157 3517 256 3588 tulos
280 3517 649 3607 Baccalaureorum,
674 3516 902 3594 notrorum
928 3517 961 3592 dc
988 3534 1014 3591 t.
1040 3542 1071 3593 c.
1098 3546 1166 3593 ne·
1201 3557 1203 3560 ·

158 3638 228 3789 qup
247 3636 423 3789 lpnquatn
455 3616 641 3699 Dodoris
680 3620 799 3708 titulo
839 3617 875 3690 se
913 3618 1167 3696 condecorari

159 3739 245 3793 voe
274 3728 324 3790 at.
1018 3762 1021 3770 ·
1063 3740 1066 3743 ·

1088 3820 1169 3897 Nec
