2750 4509
481 186 758 297 tl2rrl

108 369 323 466 „ditionis
347 372 425 447 suae
457 374 672 472 provinciis
707 369 805 470 gella
830 373 904 446 lint
936 371 970 446 tc
1005 372 1158 451 institui

110 493 202 565 „ta
212 482 234 513 “
251 474 312 573 o):
339 475 444 573 plera
474 496 522 545 ue
536 496 583 545 ex
596 474 653 547 his
666 496 748 547 non
761 474 803 546 in
815 471 1069 551 Pulendorfio
1094 477 1157 553 so-

113 577 244 661 lum,
270 574 333 648 sed
358 576 423 661 io,
473 575 626 667 hpanis,
652 574 717 647 sed
742 574 783 646 in
807 574 1069 663 Buchananis‚
1094 578 1158 653 sed

115 678 177 749 in
210 672 382 760 GrotiiS‚
409 672 575 747 taxanda
600 676 772 775 reperies.
822 674 1008 749 Nostrum
1034 676 1158 751 abun-

117 774 186 848 de
217 772 397 854 excusare
430 770 578 872 pollent
611 774 795 874 temporis
836 777 1039 875 angustiae,
1071 778 1161 875 qui.
1230 848 1238 857 ,

117 873 219 948 bus
228 879 275 947 ad
290 871 570 948 elaborandum
594 888 655 953 tot
681 889 873 972 tantaeque
899 878 1013 951 molis
1041 900 1161 975 opera

121 970 536 1049 circumscribebatur.
586 974 756 1065 Ferunt,
779 972 1013 1073 scriptorum
1038 1001 1161 1074 quen.

50 1084 51 1088 ’
121 1074 233 1145 dam
273 1064 519 1147 historiarum
536 1094 538 1096 ·
558 1073 775 1173 quindenos
815 1075 893 1150 dies
933 1077 975 1151 in
1011 1078 1162 1174 lingula

125 1172 305 1274 periodo
324 1170 611 1271 perficienda'ao
628 1173 875 1250 rotundanda
888 1177 1052 1251 triviffe:
1078 1178 1161 1251 Pu·

128 1270 372 1357 fendorfius,
398 1275 455 1352 uti
479 1274 519 1345 in
545 1272 774 1373 praefatione
796 1275 846 1355 ad
873 1275 1161 1375 Commentari-

130 1397 183 1449 os
220 1372 267 1448 de
294 1371 412 1445 «rebus
436 1368 602 1448 Suecicis
627 1372 803 1472 profiteri
828 1379 962 1450 nullus
987 1376 1160 1462 dubitat,

126 1474 297 1588 vallunr
344 1473 443 1548 illud
490 1476 679 1553 volumen
714 1477 818 1552 intra
845 1474 1160 1577 quadriennium

132 1589 328 1653 exaravit.
519 1593 524 1601 “
759 1598 763 1608 ’

130 1736 158 1808 ”,
240 1724 392 1805 Scilicet
418 1742 497 1804 tam
523 1729 684 1832 angusto
705 1735 748 1806 in
769 1730 894 1828 spatio
920 1728 1073 1806 infinita
1098 1732 1161 1806 vir

135 1851 273 1904 rerum
312 1852 355 1905 ae
396 1832 577 1919 varietas,
605 1840 688 1929 'per
722 1832 882 1906 archiva
913 1831 1087 1931 dissipata
1114 1852 1160 1905 ao

133 1926 402 2015 disseminata,
429 1930 670 2028 colligenda,
704 1931 957 2029 intelligentia
983 1952 1161 2030 compre·

134 2026 361 2115 pendenda,
388 2024 434 2101 de
461 2050 694 2131 unaquaque
727 2031 858 2109 earum
880 2026 1159 2123 judicandum,

142 2150 188 2210 ac
215 2128 381 2228 denique
407 2128 542 2204 litteris
569 2127 680 2205 dotto
705 2126 972 2205 mandandum
994 2145 1086 2205 erat.

243 2312 343 2415 Quae
372 2316 556 2403 eaeterrim
582 2312 732 2413 scriplit·
760 2312 889 2391 noster
921 2314 987 2389 vel
1018 2313 1160 2391 Philon·

140 2420 234 2515 gira,
259 2415 324 2493 vel
350 2414 507 2501 Politeia,
540 2415 605 2491 vel
639 2415 846 2515 Theologira,
877 2416 944 2490 vel
969 2416 1159 2509 Historicffi

144 2528 329 2613 quorum
356 2515 486 2614 aliqua
519 2540 601 2593 non
634 2518 704 2589 nisi
737 2516 823 2615 post
855 2516 1002 2590 autoris
1027 2540 1049 2591 e
1073 2517 1160 2599 vita

147 2614 337 2691 excessum
365 2617 405 2688 in
430 2619 557 2690 lucem
582 2616 772 2716 prodiere,
798 2618 880 2690 haec
905 2612 1062 2711 quidem
1088 2637 1159 2714 nep

147 2716 213 2797 sua
238 2730 345 2801 aetas,
379 2737 450 2791 nec
475 2716 602 2790 nostra
619 2741 662 2790 ea
679 2711 877 2811 judicavit
895 2714 1161 2814 effe‘praestan-

150 2818 221 2901 tia,
246 2830 290 2887 ut
315 2816 394 2887 viri
420 2814 562 2889 fa'mam
586 2818 758 2891 multum
781 2826 981 2913 augerent,
1006 2815 1160 2889 iisdem-

151 2938 224 3015 que
245 2936 336 2988 cum
362 2911 507 2988 Grotio
534 2917 605 2989 illo
624 2917 852 3020 Pansoph0,
877 2939 1010 3013 quern,
1036 2932 1082 2989 ut
1104 2913 1161 2988 fe·

151 3029 256 3100 runt,
284 3012 547 3087 aemulandum
572 3015 641 3089 fibi
663 3016 935 3120 proposuerat,
961 3018 1004 3091 in
1028 3039 1162 3115 parem

154 3115 283 3213 gloriae
308 3113 529 3187 societatem
560 3116 723 3191 veniret.

243 3246 337 3323 Non
354 3246 438 3335 fine
463 3245 577 3321 laude
602 3256 731 3329 tamen
756 3250 1076 3345 citantuerurfii
1094 3252 1161 3326 Ml.

148 3346 292 3443 stillanter
318 3348 493 3440 Laconica,
517 3344 705 3445 Ejusdem
718 3392 767 3407 -·-
781 3350 963 3425 Ceramicus
987 3349 1159 3430 Gentium,

1126 3446 1160 3528 8⁶,

193 3626 221 3711 o)
242 3626 367 3729 ¹Confer.
399 3630 542 3727 Crameri
569 3633 613 3725 de¹
636 3630 842 3724 Pufendorfip
857 3625 1072 3725 jrrdielum'in
1103 3631 1161 3691 ὃν.
1258 3671 1261 3690 r

228 3708 764 3879 illrfilglr?‘llllllilssff
786 3711 1047 3868 ⁸¹⁰⁰”⁰,²¹²¹'¹¹¹⁵
1063 3713 1161 3784 '⁸⁹²⁸'
