2750 4509
688 319 708 423 l
753 338 825 416 aa
869 310 893 419 l

273 536 285 578 .·
376 495 597 610 Nunquam
615 497 688 582 fele
709 495 757 576 de
773 497 976 600 principiis
986 497 1177 599 cogitavit
1193 490 1307 580 Gro-

274 595 375 681 tiust
403 608 551 712 semper
573 601 719 702 respicit
744 600 794 677 ad
818 601 1054 702 principium
1073 600 1305 679 Pufendor·

269 699 375 794 slus,
401 716 593 807 totiusque
618 701 776 794 syllema
803 702 928 801 operis
953 705 1171 777 accuratius
1204 708 1303 779 inter

272 807 317 887 se
344 837 488 888 nexum
513 807 562 882 est
586 817 700 899 atque
733 803 969 879 ordinatum·
1020 805 1120 905 Quae
1146 804 1202 877 ab
1233 808 1299 878 illo

276 913 345 986 uel
382 903 640 1013 praetermissa,
680 904 746 977 vel
778 903 918 977 leviter
948 906 1047 978 tesia
1077 902 1193 992 sunt,
1243 907 1297 978 hic

276 1008 463 1088 ambabus
493 1003 614 1081 veluti
646 1002 824 1078 manibus
859 1004 1181 1099 comprehendit,
1216 1007 1296 1078 dili·

273 1115 487 1213 gentissrme
510 1106 733 1203 perttaeeatt
755 1102 902 1179 ‘Grotii
932 1103 1031 1177 liber
1056 1105 1110 1177 ita
1137 1128 1296 1202 compa·

276 1212 462 1293 murell,
488 1220 531 1277 ut
551 1202 719 1278 habeant
741 1204 902 1289 eruditi,
927 1222 1043 1302 quem
1069 1204 1294 1279 consulant:

275 1304 543 1404 Pusendorfius
569 1303 617 1377 ab
643 1303 842 1392 omnibus,
866 1305 935 1401 qui
961 1303 1026 1376 vel
1052 1305 1195 1383 leviter
1218 1307 1295 1378 tin·

277 1414 325 1487 &i
347 1412 433 1487 sunt
456 1405 609 1491 litteris,
635 1406 801 1502 intelligi
826 1405 966 1504 potest:
992 1403 1293 1479 Pufendorsrum

277 1526 559 1601 nonnunquam
590 1502 695 1579 haud
728 1504 804 1578 fine
834 1506 986 1579 ratione
1019 1502 1214 1579 Grotium
1236 1530 1293 1577 re·

273 1610 410 1691 sutasle
445 1622 593 1681 certum
620 1605 688 1678 est:
726 1604 923 1680 interdum
962 1621 1090 1680 tamen
1126 1605 1291 1682 Grotius

276 1738 354 1795 rem
379 1707 608 1805 introspexit
631 1705 798 1803 penitius
819 1707 878 1805 g).
988 1777 990 1779 ,

370 1809 521 1886 Verum
557 1806 642 1891 ubi,
670 1806 857 1903 quiequid
881 1830 903 1880 a
930 1807 1027 1880 viris
1057 1817 1187 1879 tantae
1213 1831 1289 1881 eru·

277 1911 448 1994 ditionis
474 1909 572 1982 tanti
604 1907 810 1994 acuminis,
848 1907 898 1980 ad
921 1904 1145 1981 illustranda
1179 1906 1289 1982 socie·

276 2014 358 2093 tatis
384 2008 508 2084 civilis
517 2004 609 2105 jura
623 2007 834 2105 praestitum
853 2006 990 2087 suerit;
1013 2004 1136 2104 jullus
1162 2032 1288 2096 rerum

272 2114 387 2224 judex
413 2130 524 2206 aequa
548 2110 657 2182 lance
683 2106 945 2206 perpenderits
969 2131 1049 2181 -nec
1075 2108 1289 2194 Batavum,

273 2239 340 2297 nec
367 2208 606 2284 Germanum
639 2209 918 2307 philosophum
946 2207 995 2286 ad
1019 2208 1164 2280 intima
1194 2213 1287 2284 veri·

273 2315 357 2392 tatis
393 2309 514 2402 adyta
550 2307 761 2407 penetrasse
792 2309 971 2406 reperiet:
1009 2329 1098 2403 quae
1132 2311 1289 2403 quidem

271 2430 425 2499 natura,
463 2408 523 2483 sui
558 2409 770 2495 occultriX,
805 2409 871 2482 vel
899 2408 961 2486 hic
994 2409 1189 2505 inprimis,
1228 2426 1290 2484 tot

270 2514 374 2617 quast
398 2510 596 2607 repagulis
614 2506 841 2582 obstruxisse
855 2506 1023 2595 videtur,
1051 2522 1096 2580 ut
1119 2506 1168 2583 de
1186 2513 1290 2608 prin·

93 2683 95 2691 ,
180 2608 182 2611 ’
269 2618 376 2715 cipiis
405 2610 572 2684 scientiae
603 2609 760 2681 moralis
791 2620 907 2703 atque
939 2609 1066 2682 omnis
1087 2603 1222 2704 juris,
1255 2613 1288 2686 dt

265 2716 417 2817 jurium
443 2706 742 2804 officiorumque
766 2707 866 2780 inter
880 2706 916 2780 se
929 2705 1120 2793 confiniis,
1147 2707 1239 2786 aec.
1256 2753 1286 2771 .-

267 2818 334 2894 vel
372 2810 508 2886 nostris
547 2806 673 2882 adhuc
711 2806 950 2905 temporibus
987 2810 1165 2882 maxime·
1192 2814 1283 2887 inte

267 2936 400 2991 omnes
436 2912 611 3009 Europae
647 2906 898 3007 philosophos
931 2922 1051 2982 motae
1077 2908 1151 2982 lint
1190 2908 1281 2994 lite.

267 3036 363 3112 quas
396 3010 429 3085 8e
459 3034 575 3092 nova,
599 3008 776 3108 quaedam
808 3008 1144 3107 Philosophorum
1181 3007 1280 3087 fami.

265 3118 339 3203 lia,
365 3115 543 3192 Kantiana,
569 3108 606 3185 80
628 3110 869 3193 Monarchiae
896 3107 1057 3192 Gallicae
1079 3108 1173 3185 dira
1202 3136 1279 3188 cor·

267 3216 409 3301 cossio,
434 3210 758 3305 vehementissime
783 3210 1082 3284 inflammarunt.

80 3355 85 3405 t
174 3349 175 3354 ¹
295 3334 297 3339 ’
367 3311 474 3387 Illud.
493 3326 621 3392 tamen
644 3310 912 3384 annotandum
934 3306 1110 3383 videtur:
1143 3306 1276 3385 Pufen.

80 3422 84 3439 '
170 3470 175 3479 -
268 3409 750 3511 dorfiijnrisprincipium,
770 3411 818 3483 lic
834 3409 975 3486 dietam
977 3407 1193 3498 streialitatm
1206 3410 1271 3484 levi

175 3593 184 3604 ,
267 3516 448 3603 brachio,
472 3510 519 3587 ad
537 3509 774 3590 ‚celebratam
791 3508 900 3579 illam
913 3504 1049 3577 Kantii
1071 3502 1267 3583 formulam

132 3650 134 3653 ·
266 3617 401 3695 reduci
431 3610 556 3716 posse:
593 3609 716 3696 ”Fac,
746 3620 792 3679 ut
826 3619 940 3680 tuum
972 3604 1111 3703 agendi
1139 3607 1256 3720 pripek

281 3760 293 3798 .’
373 3757 411 3798 ·;·
463 3754 481 3797 ἰ
1147 3721 1164 3747 ”
1185 3721 1247 3775 tum

311 3840 730 4021 ⁶)cffssffi1.⁸{u{{,¹n“⁰*
751 3836 787 3918 tu
806 3832 980 3921 amatim
1002 3837 1131 3916 ,Erum
1157 3733 1186 3899 ιΡ
1194 3828 1250 3893 ιιι.
1327 3856 1328 3869 ι
